% Encoding: UTF-8

@Article{,
  author  = {Baker, Dr. y Wampler II},
  title   = {On the Inverse of Redundt Manipulators},
  journal = {Robotics research},
  year    = {2001},
  volume  = {11},
  number  = {1},
}

@Comment{jabref-meta: databaseType:bibtex;}
