% Encoding: UTF-8

@Article{,
  author = {Ed., jhon Wiley y Sons},
  title  = {Handbook of Industrial Robotics.},
  year   = {1999},
  volume = {segunda edicion},
}

@Comment{jabref-meta: databaseType:bibtex;}
