% Encoding: UTF-8

@Article{,
}

@Book{,
  author  = {Barrientos, A.; Peñín, L.F,; Balaguer, C. \& Aracil, R.},
  title   = {Fundamentos de Robótica},
  year    = {2007},
  editor  = {McGraw-Hil},
  edition = {2DA.},
}

@Comment{jabref-meta: databaseType:biblatex;}
