% Encoding: UTF-8

@Article{,
  author = {Barrientos A., Pe√±in, L.F, Balaguer, C. \& Aracil, R.},
  title  = {Fundamentos de la Robotica},
  year   = {2007},
  volume = {2da. edicion},
}

@Comment{jabref-meta: databaseType:bibtex;}
