% Encoding: UTF-8

@Article{,
  author = {Fu, K.S. Gonzalez, R.C. \& Lee, C.S,G.},
  title  = {Robotica: Control, deteccion, vision e inteligencia},
  year   = {1988},
}

@Article{,
}

@Comment{jabref-meta: databaseType:bibtex;}
