% Encoding: UTF-8

@Article{,
  author = {SALMERON QUIROZ B. GODIN CHRISTELLE, LESECQ SUZANNE.},
  title  = {Fusi√≥n de datos de multicaptores para la captura de movimiento},
  year   = {2009},
  volume = {b},
  number = {2},
}

@Comment{jabref-meta: databaseType:bibtex;}
