% Encoding: UTF-8

@Article{,
  author = {Altuzarra, O; Pinto, Ch.; Petuya, V.; Sandru, b.; Diez, M.},
  title  = {A Symmetric Parallel Schonflies-motion Manipulator for Pick and Place},
  year   = {2009},
}

@Comment{jabref-meta: databaseType:bibtex;}
